@misc{krebs,
  author       = {Krebs, Brian},
  title        = {Who Makes the IoT Things Under Attack?},
  journal      = {Krebson Security},
  type         = {Blog},
  number       = {October 16},
  year         = {2016},
  howpublished = {https://krebsonsecurity.com/2016/10/who-makes-the-iot-things-under-attack}
}

@conference{coposIoT,
  author       = {Copos, Bogdan et al}, 
  title        = {Is Anybody Home? Inferring Activity From Smart Home Network Traffic},
  booktitle    = {The title of the book},
  year         = 1993,
  editor       = {The editor},
  volume       = 4,
  series       = 5,
  pages        = 213,
  address      = {The address of the publisher},
  month        = 7,
  organization = {The organization},
  publisher    = {The publisher},
  note         = {An optional note}  
}

@book{chaMachineLearning,
  author    = {Cha, Seunghun and Kim, Hyoungshick}, 
  title     = {Detecting encrypted traffic: a machine learning approach},
  publisher = {Springer, Cham},
  year      = 2017,
  volume    = 10144,
  month     = 3,
  note      = {Inofrmation Security Applications},
  isbn      = {9783319565484}
}

@article{dimitrovIoT,
  author  = {Dimitrov, Dimiter}, 
  title   = {Medical Internet of Things and Big Data in Healthcare},
  journal = {Healthc Inform Res},
  year    = 2016,
  number  = 22,
  pages   = {156-163},
  month   = 7,
  volume  = 3
}

@conference{apthorpeIoT,
author = {Apthorpe, Noah},
title = {A Smart Home is No Castle: Privacy Vulnerabilities of Encrypted IoT Traffic},
booktitle = {Workshop on Data and Algorithmic Transparency},
year = {2016}
}

@conference{AnomalyDetectionSurvey,
  author       = {Chandola, Varun and Kumar, Vipin}, 
  title        = {Anomaly detection: A Survey},
  booktitle    = {ACM computing surveys (CSUR)},
  year         = 2009,
  volume       = 41.3,
  series       = 15,
}

@inproceedings{AnomalyDetectionSurvey,
  title={hreatadvisory:Miraibotnet},
  publisher={Akamai},
  year = {2016}
}

@inproceedings{srinivasan2008fats,
  title={Protecting your daily in-home activity information from a wireless snooping attack},
  author={Srinivasan, Vijay et al},
  booktitle={Proceedings of the 10th international conference on Ubiquitous computing},
  pages={202-211},
  year={2008},
  publisher={ACM},
  address={New York}
}



